@article{Davison2020,
    title = {{Distance-based emission factors from vehicle emission remote sensing measurements}},
    year = {2020},
    journal = {Science of the Total Environment},
    author = {Davison, Jack and Bernard, Yoann and Borken-Kleefeld, Jens and Farren, Naomi J. and Hausberger, Stefan and Sj{\"{o}}din, Ã…ke and Tate, James E. and Vaughan, Adam R. and Carslaw, David C.},
    month = {10},
    pages = {139688},
    volume = {739},
    publisher = {Elsevier B.V.},
    doi = {10.1016/j.scitotenv.2020.139688},
    issn = {18791026},
    keywords = {Emission factors, PEMS, Remote sensing, Vehicle emissions}
}
@article{Grange2020,
    title = {{Post-Dieselgate: Evidence of NOx Emission Reductions Using On-Road Remote Sensing}},
    year = {2020},
    journal = {Environmental Science {\&} Technology Letters},
    author = {Grange, Stuart K. and Farren, Naomi J. and Vaughan, Adam R. and Davison, Jack and Carslaw, David C.},
    number = {6},
    pages = {382--387},
    volume = {7},
    publisher = {American Chemical Society},
    url = {https://pubs.acs.org/doi/abs/10.1021/acs.estlett.0c00188},
    doi = {10.1021/ACS.ESTLETT.0C00188}
}
