@article{schwabish_2020, 
        title={Ten Guidelines for Better Tables}, 
        volume={11}, 
        DOI={10.1017/bca.2020.11}, 
        number={2}, 
        journal={Journal of Benefit-Cost Analysis}, 
        publisher={Cambridge University Press}, 
        author={Schwabish, Jonathan A.}, 
        year={2020}, 
        pages={151â€“178}}