@Article{Fenger1999,
  Title                    = {{U}rban air quality},
  Author                   = {{F}enger, {J}es},
  Journal                  = {{A}tmospheric {E}nvironment},
  Year                     = {1999},
  Number                   = {29},
  Pages                    = {4877--4900},
  Volume                   = {33},
  Doi                      = {10.1016/S1352-2310(99)00290-3},
  File                     = {:Fenger1999.pdf:PDF},
  ISSN                     = {1352-2310},
  Keywords                 = {Global growth Millennial Review},
  Owner                    = {Stuart Grange},
  Timestamp                = {2011.11.07.20.31},
  Url                      = {http://www.sciencedirect.com/science/article/pii/S1352231099002903}
}

@Article{Fenger2009,
  author    = {{F}enger, {J}es},
  title     = {{A}ir pollution in the last 50 years - {F}rom local to global},
  journal   = {{A}tmospheric {E}nvironment},
  year      = {2009},
  volume    = {43},
  number    = {1},
  pages     = {13--22},
  issn      = {1352-2310},
  doi       = {10.1016/j.atmosenv.2008.09.061},
  file      = {:Fenger2009.pdf:PDF},
  keywords  = {Urban air pollution},
  owner     = {Stuart Grange},
  timestamp = {2010.09.06.17.45},
  url       = {http://www.sciencedirect.com/science/article/B6VH3-4TNWH49-8/2/abef8a2a473d977523bdab2a9c548512},
}

@Article{Grange2017c,
  author    = {Grange, Stuart K. and Lewis, Alastair C. and Moller, Sarah J. and Carslaw, David C.},
  title     = {{Lower vehicular primary emissions of NO$_2$ in Europe than assumed in policy projections}},
  journal   = {Nature Geoscience},
  year      = {2017},
  volume    = {10},
  number    = {12},
  pages     = {914--918},
  month     = dec,
  issn      = {1752-0908},
  file      = {Grange2017c.pdf:Grange2017c.pdf:PDF;:Grange2017c_si.pdf:PDF},
  owner     = {stuart},
  refid     = {Grange2017},
  timestamp = {2017-11-27 17:39:37},
  url       = {https://doi.org/10.1038/s41561-017-0009-0},
}

